@misc{statista,
    author    = "F. Norrestad",
    title     = "Share of adults investing money in the stock market in the United States from 1999 to 2020",
    url       = "https://www.statista.com"
}

@misc{venturebeat,
    author    = "S. Lazzaro",
    title     = "Machine learningâ€™s rise, applications, and challenges",
    url       = "https://www.venturebeat.com"
}


@misc{cython,
    title     = "Cython Documentation",
    url       = "https://cython.org"
}

@misc{numpyspeed,
    author    = "Matthias Bussonnier",
    title     = "NumPy Speed Code",
    url       = "https://stackoverflow.com/a/994545"
}

@article{bhosale2015sqlite,
  title={Sqlite: Light database system},
  author={Bhosale, ST and Patil, Miss Tejaswini and Patil, Miss Pooja},
  journal={Int. J. Comput. Sci. Mob. Comput},
  volume={44},
  number={4},
  pages={882--885},
  year={2015}
}

@misc{sqlite,
    title     = "SQLite About",
    url       = https://www.sqlite.org/about.html,
}

@misc{udemyml,
    title     = "Machine Learning, Data Science and Deep Learning with Python",
    author={Frank Kane},
    url       = "https://www.udemy.com/course/data-science-and-machine-learning-with-python-hands-on/"
}
